<?xml version="1.0" encoding="UTF-8"?><collection xmlns="http://www.loc.gov/MARC21/slim"><record><leader>00558nam--2200217-u-4500</leader><controlfield tag="001">000050482</controlfield><controlfield tag="002">20161230</controlfield><controlfield tag="003">81883</controlfield><controlfield tag="005">20161230201048</controlfield><controlfield tag="008">070404s1000------------r-----000-0-eng-d</controlfield><datafield ind1=" " ind2=" " tag="020"><subfield code="a">981-256-472-1</subfield></datafield><datafield ind1=" " ind2=" " tag="040"><subfield code="a">IFIN-HH</subfield></datafield><datafield ind1=" " ind2=" " tag="041"><subfield code="a">eng</subfield></datafield><datafield ind1="1" ind2=" " tag="100"><subfield code="a">Carmeli,Moshe and Malin,Shimon</subfield></datafield><datafield ind1="1" ind2="0" tag="245"><subfield code="a">An Introduction Theory of Spinors</subfield></datafield><datafield ind1=" " ind2=" " tag="260"><subfield code="a">New Jersey</subfield><subfield code="b">World Scientific</subfield><subfield code="c">2000</subfield></datafield><datafield ind1=" " ind2=" " tag="300"><subfield code="a">212 p</subfield></datafield><datafield ind1=" " ind2=" " tag="504"><subfield code="a">Includes Index</subfield></datafield><datafield ind1=" " ind2="4" tag="650"><subfield code="a">The Gravitational Field Spinors</subfield></datafield><datafield ind1=" " ind2=" " tag="852"><subfield code="a">81883</subfield><subfield code="c">513.73</subfield></datafield><datafield ind1=" " ind2=" " tag="CAT"><subfield code="a">Sys</subfield><subfield code="c">20080924</subfield><subfield code="h">091424</subfield></datafield></record></collection>